
@book{hastie01statisticallearning,
  added-at = {2008-05-16T16:17:42.000+0200},
  address = {New York, NY, USA},
  author = {Hastie, Trevor and Tibshirani, Robert and Friedman, Jerome},
  biburl = {https://www.bibsonomy.org/bibtex/2f58afc5c9793fcc8ad8389824e57984c/sb3000},
  interhash = {d585aea274f2b9b228fc1629bc273644},
  intrahash = {f58afc5c9793fcc8ad8389824e57984c},
  keywords = {ml statistics},
  publisher = {Springer New York Inc.},
  series = {Springer Series in Statistics},
  timestamp = {2008-05-16T16:17:43.000+0200},
  title = {The Elements of Statistical Learning},
  year = 2001
}

@book{Goodfellow-et-al-2016,
    title={Deep Learning},
    author={Ian Goodfellow and Yoshua Bengio and Aaron Courville},
    publisher={MIT Press},
    note={\url{http://www.deeplearningbook.org}},
    year={2016}
}

@book{Alpaydin:2010:IML:1734076,
 author = {Alpaydin, Ethem},
 title = {Introduction to Machine Learning},
 year = {2010},
 isbn = {026201243X, 9780262012430},
 edition = {2nd},
 publisher = {The MIT Press},
}

@article{Deep_rank,
Author = {Liang Pang and Yanyan Lan and Jiafeng Guo and Jun Xu and Jingfang Xu and Xueqi Cheng},
Title = {DeepRank: A New Deep Architecture for Relevance Ranking in Information Retrieval},
Year = {2017},
Eprint = {arXiv:1710.05649},
Doi = {10.1145/3132847.3132914},
}

@article{list_wise_ranking,
Author = {Qingyao Ai and Keping Bi and Jiafeng Guo and W. Bruce Croft},
Title = {Learning a Deep Listwise Context Model for Ranking Refinement},
Year = {2018},
Eprint = {arXiv:1804.05936},
Doi = {10.1145/3209978.3209985},
}

@book{schutze2008introduction,
  title={Introduction to information retrieval},
  author={Schutze, Hinrich and Manning, Christopher D and Raghavan, Prabhakar},
  volume={39},
  year={2008},
  publisher={Cambridge University Press}
}

@book{jurafsky2014speech,
  title={Speech and language processing},
  author={Jurafsky, Dan and Martin, James H},
  volume={3},
  year={2014},
  publisher={Pearson London}
}